<?xml version="1.0" encoding="UTF-8"?><record xmlns="http://www.loc.gov/MARC21/slim" xmlns:cinclude="http://apache.org/cocoon/include/1.0" xmlns:zs="http://www.loc.gov/zing/srw/">
  <leader>00460cz  a2200133n  4500</leader>
  <controlfield tag="001">n  85277857 </controlfield>
  <controlfield tag="003">DLC</controlfield>
  <controlfield tag="005">20070720074839.0</controlfield>
  <controlfield tag="008">860505n| acannaabn          |a aaa      </controlfield>
  <datafield tag="010" ind1=" " ind2=" ">
    <subfield code="a">n  85277857 </subfield>
  </datafield>
  <datafield tag="040" ind1=" " ind2=" ">
    <subfield code="a">DLC</subfield>
    <subfield code="b">eng</subfield>
    <subfield code="c">DLC</subfield>
    <subfield code="d">DLC</subfield>
    <subfield code="d">CaQMCCA</subfield>
  </datafield>
  <datafield tag="100" ind1="1" ind2="0">
    <subfield code="a">Manzo, Carlo A.</subfield>
    <subfield code="q">(Carlo Alessandro)</subfield>
  </datafield>
  <datafield tag="400" ind1="1" ind2="0">
    <subfield code="a">Manzo, Carlo Alessandro</subfield>
  </datafield>
  <datafield tag="670" ind1=" " ind2=" ">
    <subfield code="a">His Questioni di uso e forma in architettura, 1984:</subfield>
    <subfield code="b">t.p. (Carlo A. Manzo) cover (Carlo Alessandro Manzo; degree in architecture)</subfield>
  </datafield>
</record>